<record><leader>00000cas a22000007a 4500</leader><controlfield tag="001">15804837</controlfield><controlfield tag="008">870603d19011907nyudr ne      0    0eng d</controlfield><datafield ind1=" " ind2=" " tag="010"><subfield code="a">sn 87070034 </subfield></datafield><datafield ind1=" " ind2=" " tag="040"><subfield code="a">NYS</subfield><subfield code="b">eng</subfield><subfield code="c">NYS</subfield><subfield code="d">NYG</subfield><subfield code="d">NYS</subfield><subfield code="d">OCL</subfield><subfield code="d">OCLCQ</subfield></datafield><datafield ind1=" " ind2=" " tag="042"><subfield code="a">msc</subfield></datafield><datafield ind1="0" ind2="0" tag="245"><subfield code="a">Elmira evening star.</subfield></datafield><datafield ind1=" " ind2=" " tag="260"><subfield code="a">Elmira, N.Y. :</subfield><subfield code="b">Seymour Copeland, James F. Woodford</subfield></datafield><datafield ind1=" " ind2=" " tag="300"><subfield code="a">v. ;</subfield><subfield code="c">56 cm.</subfield></datafield><datafield ind1=" " ind2=" " tag="310"><subfield code="a">Daily</subfield></datafield><datafield ind1="1" ind2=" " tag="362"><subfield code="a">Began in 1901; ceased in 1907.</subfield></datafield><datafield ind1=" " ind2=" " tag="580"><subfield code="a">Merged with: Elmira gazette and free press (Elmira, N.Y. : Daily) and: Elmira evening news, to form: Elmira star-gazette.</subfield></datafield><datafield ind1=" " ind2=" " tag="588"><subfield code="a">Description based on: Vol. 14, no. 64 (Aug. 7, 1901).</subfield></datafield><datafield ind1=" " ind2="4" tag="651"><subfield code="a">Elmira (N.Y.)</subfield><subfield code="v">Newspapers.</subfield></datafield><datafield ind1=" " ind2=" " tag="752"><subfield code="a">United States</subfield><subfield code="b">New York</subfield><subfield code="c">Chemung</subfield><subfield code="d">Elmira.</subfield></datafield><datafield ind1="0" ind2="0" tag="780"><subfield code="t">Evening star (Elmira, N.Y.)</subfield><subfield code="w">(DLC)sn 83030952</subfield></datafield><datafield ind1="1" ind2="7" tag="785"><subfield code="t">Elmira gazette and free press (Elmira, N.Y. : Daily)</subfield><subfield code="w">(DLC)sn 91066115</subfield><subfield code="w">(OCoLC)22933435</subfield></datafield><datafield ind1="1" ind2="7" tag="785"><subfield code="t">Elmira evening news</subfield><subfield code="w">(DLC)sn 84031611</subfield></datafield><datafield ind1="1" ind2="7" tag="785"><subfield code="t">Elmira star-gazette</subfield><subfield code="w">(DLC)sn 84031247</subfield></datafield><datafield ind1="1" ind2=" " tag="029"><subfield code="a">AU@</subfield><subfield code="b">000025793545</subfield></datafield></record>